@book{adams1995hitchhiker,
  title={The Hitchhiker's Guide to the Galaxy},
  author={Adams, D.},
  isbn={9781417642595},
  url={http://books.google.com/books?id=W-xMPgAACAAJ},
  year={1995},
  publisher={San Val}
}
@article{Cirigliano1,
	author = {V. Cirigliano and I. Rosell},
	journal = {Phys. Rev. Lett.},
	volume = {\textbf{99},},
	pages = {231801},
	year = {2007}
}
@article{BrymanShrock,
    author = "Bryman, D. A. and Shrock, R.",
    title = "{Constraints on Sterile Neutrinos in the MeV to GeV Mass Range}",
    eprint = "1909.11198",
    archivePrefix = "arXiv",
    primaryClass = "hep-ph",
    reportNumber = "TRIUMF-UBC-Stony Brook preprint (YITP-SB-2019-9)",
    doi = "10.1103/PhysRevD.100.073011",
    journal = "Phys. Rev. D",
    volume = "100",
    pages = "073011",
    year = "2019"
}

@article{Seng:2021,
    author = "Seng, Chien-Yeah and Galviz, Daniel and Gorchtein, Mikhail and Mei\ss{}ner, Ulf-G.",
    title = "{Improved $K_{e3}$ radiative corrections sharpen the $K_{\mu 2}$--$K_{l3}$ discrepancy}",
    eprint = "2103.04843",
    archivePrefix = "arXiv",
    primaryClass = "hep-ph",
    month = "3",
    year = "2021"
}

@article{M13E,
    author = "Aguilar-Arevalo, A. and others",
    title = "{High Purity Pion Beam at TRIUMF}",
    eprint = "1001.3121",
    archivePrefix = "arXiv",
    primaryClass = "physics.acc-ph",
    doi = "10.1016/j.nima.2009.08.053",
    journal = "Nucl. Instrum. Meth. A",
    volume = "609",
    pages = "102--105",
    year = "2009"
}

@article{PIE5,
    title={PSI PIE5 beam},
    url="https://www.psi.ch/en/sbl/pie5-beamlines",
	author = {},
	journal = {},
	volume = {},
	pages = {},
	year = {}
}

@article{PIBEAM,
	author = {J. Dilling et \it{et al.}},
	journal = {private communication},
	volume = {},
	pages = {},
	year = {2021}
}

@article{LFVB,
    author = "Aaij, Roel and others",
    collaboration = "LHCb",
    title = "{Search for lepton-universality violation in $B^+\to K^+\ell^+\ell^-$ decays}",
    eprint = "1903.09252",
    archivePrefix = "arXiv",
    primaryClass = "hep-ex",
    reportNumber = "LHCb-PAPER-2019-009, CERN-EP-2019-043, LHCb-PAPER-2019-009 CERN-EP-2019-043",
    doi = "10.1103/PhysRevLett.122.191801",
    journal = "Phys. Rev. Lett.",
    volume = "122",
    number = "19",
    pages = "191801",
    year = "2019"
}

@article{Cirigliano2,
	author = "V. Cirigliano and I. Rosell",
	journal = "JHEP",
	volume = "0710005",
	year = "2007"
}
@article{Bryman1,
    author = "Bryman, D. A. and W. Marciano and R. Tschirhart and T Yamanaka",
    journal = "Ann. Rev. Nucl. Part. Sci.",
    volume = "\textbf{61},",
    pages = "331",
    year = "2011"
}
@article{Lessa,
	author = "Lessa, A. P. and Peres, O. L. G.",
	journal = "Phys. Rev. D",
	volume = "\textbf{75}",
	pages = "094001",
	year = "2007"
}
@article{Campbell,
	author = "B. A. Campbell and A. Ismail",
	journal = "arXiv:0810.4918",
	year = "2009"
}
@article{Ramsey-Musolf,
	author = "Ramsey-Musolf, M. J. and S. Su and S. Tulin",
	journal = "Phys. Rev. D",
	volume = "\textbf{76},",
	pages = "095017",
	year = "2007"
}
@article{Masiero,
	author = "A. Masiero and P. Paradisi and R. Petronzio",
	journal = "Phys. Rev. D",
	volume = "\textbf{74},",
	pages = "011701",
	year = "2006"
}
@article{Bryman2,
	author = "Bryman, D. A. and R. Shrock",
	journal =  "Phys. Rev. D",
	volume = "\textbf{100},",
	pages = "073011",
	year = "2019"
}
@article{Altmannshofer,
	author = "W. Altmannshofer and S. Gori and D.  Robinson",
	journal = "Phys. Rev. D",
	volume = "\textbf{101},",
	pages = "075002",
	year = "2020"
}
@article{Aguilar-Arevalo1,
	author = "Aguilar-Arevalo, A. and \it{et al.}",
	journal = "Phys. Rev. D",
	volume = "\textbf{97},",
	pages = "072012",
	year = "2018"
}
@article{Aguilar-Arevalo2,
	author = "Aguilar-Arevalo, A. and \it{et al.}",
	journal = "Phys. Lett. B",
	volume = "\textbf{798},",
	pages = "134980",
	year = "2019"
}
@article{Aguilar-Arevalo3,
	author = "Aguilar-Arevalo, A. and \it{et al.}",
	journal = "Phys. Rev. Lett.",
	volume = "\textbf{115},",
	pages = "071801",
	year = "2015"
}
@article{Aguilar-Arevalo4,
	author = "Aguilar-Arevalo, A. and \it{et al.}",
	journal = "Nucl. Instrum. Method",
	volume = "\textbf{A791},",
	pages = "38",
	year = "2015"
}
@article{Aguilar-Arevalo5,
	author = "Aguilar-Arevalo, A. and \it{et al.}",
	journal = "Nucl. Instrum. Method",
	volume = "\textbf{A621},",
	pages = "188",
	year = "2010"
}

@article{Aguilar-Arevalo6,
  author = "{Aguilar-Arevalo, A. and \it{et al.}}",
  journal = {Phys. Rev. D},
  volume = {101},
  issue = {5},
  pages = {052014},
  year = {2020}
}

@article{Aguilar-Arevalo7,
  author = {Aguilar-Arevalo, A. and \it{et al.}},
  journal = {Phys. Rev. D},
  volume = {102},
  issue = {1},
  pages = {012001},
  year = {2020}
}

@article{Aguilar-Arevalo8,
  title = {Search for three body pion decays ${\ensuremath{\pi}}^{+}\ensuremath{\rightarrow}{l}^{+}\ensuremath{\nu}X$},
  author = {Aguilar-Arevalo, A. and \it{et al.}},
  journal = {Phys. Rev. D},
  volume = {103},
  issue = {5},
  pages = {052006},
  year = {2021}
}

@article{nuMSM,
  author = {Boyarsky, Alexey and Ruchayskiy, Oleg and Shaposhnikov, Mikhail},
  journal = {Annual Review of Nuclear and Particle Science},
  volume = {59},
  number = {1},
  pages = {191-214},
  year = {2009}
}

@article{bertoni,
  author = {Bertoni, B and \it{et al.}},
  journal = {J. High Energy Phys.},
  volume = {04},
  pages = {170},
  year = {2015}
}



@online{Pocanic1,
    author = "PEN Collaboration",
	url = "http://pen.phys.virginia.edu/"
}
@article{Pocanic2,
	author = "Glaser, C. G. and Po\v{c}ani\'c, D. and Alonzi, L. P. and et al.",
	journal = "arXiv:1812.00782",
	year = "2018"
}
@article{Pocanic3,
	author = "Po\v{c}ani\'c, D. and Frle\v{z}, E. and van der Schaaf, A.",
	journal = "J.Phys.G",
	volume = "\textbf{41},",
	pages = "114002",
	year = "2014"
}
@article{Baldini,
	author = "Baldini, A. and \it{et al.}",
	journal = "Eur. Phys. J. C",
	volume = "\textbf{76},",
	pages = "434",
	year = "2016"
}
@article{Cabibbo,
	author = "N. Cabibbo",
	journal = "Phys. Rev. Lett.",
	volume = "\textbf{10},",
	pages = "531",
	year = "1963"
}
@article{Kobayashi,
	author = "M. Kobayashi and T. Maskawa",
	journal = "Prog. Theor. Phys.",
	volume = "\textbf{49},",
	pages = "652",
	year = "1973"
}
@article{Czarnecki,
	author = "Czarnecki, A. and Marciano, W. J. and Sirlin, A.",
	journal = "Phys. Rev. D",
	volume = "\textbf{101},",
	pages = "091301",
	year = "2020"
}
@article{Pocanic4,
	author = "Po\v{c}ani\'c, D. and Frle\v{z}, E and Baranov, V. A. and W. Bertl and et al",
	journal = "Phys. Rev. Lett.",
	volume = "\textbf{93},",
	pages = "181803",
	year = "2004"
}
@online{Pocanic5,
    author = "PiBeta Collaboration",
    url = "http://pen.phys.virginia.edu/"
}
@article{Pocanic6,
    author = "Glaser, C. J. and Po\v{c}ani\'c, D. and van der Schaaf, A. and Baranov, V. A. and Khomutov, N. V. and Kravchuk, N. P. and Kuchinsky, N. A.",
    eprint = "2012.12266",
    archivePrefix = "arXiv",
    primaryClass = "physics.ins-det",
%   month = "12",
    year = "2020"
}
@article{Frlez2003vg,
    author = "Frle\v{z}, E. and others",
    journal = "Nucl. Instrum. Meth. A",
    volume = "\textbf{526}",
    pages = "300--347",
    year = "2004"
}
@article{Frlez2003pe,
    author = "Frle\v{z}, E. and others",
    journal = "Phys. Rev. Lett.",
    volume = "\textbf{93}",
    pages = "181804",
    year = "2004"
}
@article{Bychkov2008ws,
    author = "Bychkov, M. and others",
    journal = "Phys. Rev. Lett.",
    volume = "\textbf{103}",
    pages = "051802",
    year = "2009"
}
@article{Sirlin,
	author = "A. Sirlin",
	journal = "Rev. Mod. Phys.",
	volume = "\textbf{50},",
	pages = "573",
	year = "1978"
}
@article{Cirigliano3,
	author = "V. Cirigliano and M. Knecht and H. Neufeld and H. Pichl",
	journal = "Eur. Phys. J. C",
	volume = "\textbf{27},",
	pages = "255-262",
	year = "2003"
}
@article{Passera,
	author = "M. Passera and K. Philippides and A. Sirlin",
	journal = "Phys. Rev. D",
	volume = "\textbf{84},",
	pages = "094030",
	year = "2011"
}
@article{Feng,
	author = "Feng, X. and \it{et al.}",
	journal = "Phys. Rev. Lett.",
	volume = "\textbf{124},",
	pages = "192002",
	year = "2020"
}
@article{Marciano,
	author = "W. J. Marciano",
	journal = "Phys. Rev. Lett.",
	volume = "\textbf{93},",
	pages = "231803",
	year = "2004"
}
@article{Cirigliano4,
	author = "V. Cirigliano",
	journal = "private communication"
}
@article{Crivellin:2020lzu,
    author = "Crivellin, Andreas and Hoferichter, Martin",
    title = "{\ensuremath{\beta} Decays as Sensitive Probes of Lepton Flavor Universality}",
    eprint = "2002.07184",
    archivePrefix = "arXiv",
    primaryClass = "hep-ph",
    reportNumber = "INT-PUB-20-005, PSI-PR-20-02, UZ-TH 05/20",
    doi = "10.1103/PhysRevLett.125.111801",
    journal = "Phys. Rev. Lett.",
    volume = "125",
    number = "11",
    pages = "111801",
    year = "2020"
}

@article{Coutinho:2019aiy,
    author = "Coutinho, Antonio M. and Crivellin, Andreas and Manzari, Claudio Andrea",
    title = "{Global Fit to Modified Neutrino Couplings and the Cabibbo-Angle Anomaly}",
    eprint = "1912.08823",
    archivePrefix = "arXiv",
    primaryClass = "hep-ph",
    reportNumber = "PSI-PR-19-26, UZ-TH 53/19",
    doi = "10.1103/PhysRevLett.125.071802",
    journal = "Phys. Rev. Lett.",
    volume = "125",
    number = "7",
    pages = "071802",
    year = "2020"
}

@article{Crivellin:2020ebi,
    author = "Crivellin, Andreas and Kirk, Fiona and Manzari, Claudio Andrea and Montull, Marc",
    title = "{Global Electroweak Fit and Vector-Like Leptons in Light of the Cabibbo Angle Anomaly}",
    eprint = "2008.01113",
    archivePrefix = "arXiv",
    primaryClass = "hep-ph",
    reportNumber = "CERN-TH-2020-128, PSI-PR-20-11, UZ-TH 26/20",
    doi = "10.1007/JHEP12(2020)166",
    journal = "JHEP",
    volume = "20",
    pages = "166",
    year = "2020"
}

@article{Abdesselam:2019dgh,
    author = "Abdesselam, A. and others",
    collaboration = "Belle",
    title = "{Measurement of $\mathcal{R}(D)$ and $\mathcal{R}(D^{\ast})$ with a semileptonic tagging method}",
    eprint = "1904.08794",
    archivePrefix = "arXiv",
    primaryClass = "hep-ex",
    month = "4",
    year = "2019"
}

@article{Aaij:2017deq,
    author = "Aaij, R. and others",
    collaboration = "LHCb",
    title = "{Test of Lepton Flavor Universality by the measurement of the $B^0 \to D^{*-} \tau^+ \nu_{\tau}$ branching fraction using three-prong $\tau$ decays}",
    eprint = "1711.02505",
    archivePrefix = "arXiv",
    primaryClass = "hep-ex",
    reportNumber = "CERN-EP-2017-256, LHCB-PAPER-2017-027",
    doi = "10.1103/PhysRevD.97.072013",
    journal = "Phys. Rev. D",
    volume = "97",
    number = "7",
    pages = "072013",
    year = "2018"
}

@article{Lees:2012xj,
    author = "Lees, J. P. and others",
    collaboration = "BaBar",
    title = "{Evidence for an excess of $\bar{B} \to D^{(*)} \tau^-\bar{\nu}_\tau$ decays}",
    eprint = "1205.5442",
    archivePrefix = "arXiv",
    primaryClass = "hep-ex",
    reportNumber = "BABAR-PUB-12-012, SLAC-PUB-15028",
    doi = "10.1103/PhysRevLett.109.101802",
    journal = "Phys. Rev. Lett.",
    volume = "109",
    pages = "101802",
    year = "2012"
}

@article{Aaij:2019wad,
    author = "Aaij, Roel and others",
    collaboration = "LHCb",
    title = "{Search for lepton-universality violation in $B^+\to K^+\ell^+\ell^-$ decays}",
    eprint = "1903.09252",
    archivePrefix = "arXiv",
    primaryClass = "hep-ex",
    reportNumber = "LHCb-PAPER-2019-009, CERN-EP-2019-043, LHCb-PAPER-2019-009 CERN-EP-2019-043",
    doi = "10.1103/PhysRevLett.122.191801",
    journal = "Phys. Rev. Lett.",
    volume = "122",
    number = "19",
    pages = "191801",
    year = "2019"
}

@article{Aaij:2017vbb,
    author = "Aaij, R. and others",
    collaboration = "LHCb",
    title = "{Test of lepton universality with $B^{0} \rightarrow K^{*0}\ell^{+}\ell^{-}$ decays}",
    eprint = "1705.05802",
    archivePrefix = "arXiv",
    primaryClass = "hep-ex",
    reportNumber = "LHCB-PAPER-2017-013, CERN-EP-2017-100",
    doi = "10.1007/JHEP08(2017)055",
    journal = "JHEP",
    volume = "08",
    pages = "055",
    year = "2017"
}

@article{Amhis:2019ckw,
    author = "Amhis, Yasmine Sara and others",
    collaboration = "HFLAV",
    title = "{Averages of $b$-hadron, $c$-hadron, and $\tau$-lepton properties as of 2018}",
    eprint = "1909.12524",
    archivePrefix = "arXiv",
    primaryClass = "hep-ex",
    month = "9",
    year = "2019"
}

@article{Murgui:2019czp,
    author = "Murgui, Clara and Pe\~nuelas, Ana and Jung, Martin and Pich, Antonio",
    title = "{Global fit to $b \to c \tau \nu$ transitions}",
    eprint = "1904.09311",
    archivePrefix = "arXiv",
    primaryClass = "hep-ph",
    reportNumber = "IFIC/19-03; FTUV/19-0419",
    doi = "10.1007/JHEP09(2019)103",
    journal = "JHEP",
    volume = "09",
    pages = "103",
    year = "2019"
}

@article{Shi:2019gxi,
    author = {Shi, Rui-Xiang and Geng, Li-Sheng and Grinstein, Benjam\'\i{}n and J\"ager, Sebastian and Martin Camalich, Jorge},
    title = "{Revisiting the new-physics interpretation of the $b\to c\tau\nu$ data}",
    eprint = "1905.08498",
    archivePrefix = "arXiv",
    primaryClass = "hep-ph",
    doi = "10.1007/JHEP12(2019)065",
    journal = "JHEP",
    volume = "12",
    pages = "065",
    year = "2019"
}

@article{Kumbhakar:2019avh,
    author = "Kumbhakar, Suman and Alok, Ashutosh Kumar and Kumar, Dinesh and Sankar, S. Uma",
    title = "{A global fit to $b\rightarrow c\tau\bar{\nu}$ anomalies after Moriond 2019}",
    eprint = "1909.02840",
    archivePrefix = "arXiv",
    primaryClass = "hep-ph",
    doi = "10.22323/1.364.0272",
    journal = "PoS",
    volume = "EPS-HEP2019",
    pages = "272",
    year = "2020"
}

@article{Blanke:2019qrx,
    author = "Blanke, Monika and Crivellin, Andreas and Kitahara, Teppei and Moscati, Marta and Nierste, Ulrich and Ni\v{s}and\v{z}i\'c, Ivan",
    title = "{Addendum to \textquotedblleft{}Impact of polarization observables and $B_c\to \tau \nu$ on new physics explanations of the $b\to c \tau \nu$ anomaly''}",
    eprint = "1905.08253",
    archivePrefix = "arXiv",
    primaryClass = "hep-ph",
    reportNumber = "PSI-PR-19-09; ZU-TH 26/19; TTP-19-012; P3H-19-011",
    doi = "10.1103/PhysRevD.100.035035",
    month = "5",
    year = "2019",
    note = "[Addendum: Phys. Rev. D {\bf 100}, 035035 (2019)]"
}

@article{Arbey:2019duh,
    author = "Arbey, A. and Hurth, T. and Mahmoudi, F. and Santos, D. Mart\'\i{}nez and Neshatpour, S.",
    title = "{Update on the b\textrightarrow{}s anomalies}",
    eprint = "1904.08399",
    archivePrefix = "arXiv",
    primaryClass = "hep-ph",
    reportNumber = "CERN-TH-2019-048, IPM/P.A-544, MITP/19-026",
    doi = "10.1103/PhysRevD.100.015045",
    journal = "Phys. Rev. D",
    volume = "100",
    number = "1",
    pages = "015045",
    year = "2019"
}

@article{Ciuchini:2019usw,
    author = "Ciuchini, Marco and Coutinho, Ant\'onio M. and Fedele, Marco and Franco, Enrico and Paul, Ayan and Silvestrini, Luca and Valli, Mauro",
    title = "{New Physics in $b \to s \ell^+ \ell^-$ confronts new data on Lepton Universality}",
    eprint = "1903.09632",
    archivePrefix = "arXiv",
    primaryClass = "hep-ph",
    reportNumber = "CERN-TH-2019-033, DESY-19-043, DESY 19-043, UCI-TR-2019-07, UCI-TR-2019-0",
    doi = "10.1140/epjc/s10052-019-7210-9",
    journal = "Eur. Phys. J. C",
    volume = "79",
    number = "8",
    pages = "719",
    year = "2019"
}

@article{Aebischer:2019mlg,
    author = "Aebischer, Jason and Altmannshofer, Wolfgang and Guadagnoli, Diego and Reboud, M\'eril and Stangl, Peter and Straub, David M.",
    title = "{$B$-decay discrepancies after Moriond 2019}",
    eprint = "1903.10434",
    archivePrefix = "arXiv",
    primaryClass = "hep-ph",
    doi = "10.1140/epjc/s10052-020-7817-x",
    journal = "Eur. Phys. J. C",
    volume = "80",
    number = "3",
    pages = "252",
    year = "2020"
}

@article{Alguero:2019ptt,
    author = "Alguer\'o, Marcel and Capdevila, Bernat and Crivellin, Andreas and Descotes-Genon, S\'ebastien and Masjuan, Pere and Matias, Joaquim and Novoa Brunet, Mart\'\i{}n and Virto, Javier",
    title = "{Emerging patterns of New Physics with and without Lepton Flavour Universal contributions}",
    eprint = "1903.09578",
    archivePrefix = "arXiv",
    primaryClass = "hep-ph",
    reportNumber = "PSI-PR-19-04, ZH-TH-14/19, TUM-HEP-1192/19, MIT-CTP/5107,
  LPT-Orsay-19-11",
    doi = "10.1140/epjc/s10052-019-7216-3",
    journal = "Eur. Phys. J. C",
    volume = "79",
    number = "8",
    pages = "714",
    year = "2019",
    note = "[Addendum: Eur. Phys. J. C {\bf 80}, 511 (2020)]"
}

@article{Aoyama:2020ynm,
    author = "Aoyama, T. and others",
    title = "{The anomalous magnetic moment of the muon in the Standard Model}",
    eprint = "2006.04822",
    archivePrefix = "arXiv",
    primaryClass = "hep-ph",
    reportNumber = "FERMILAB-PUB-20-207-T, INT-PUB-20-021, KEK Preprint 2020-5,
  MITP/20-028, KEK Preprint 2020-5, MITP/20-028, CERN-TH-2020-075, IFT-UAM/CSIC-20-74, LMU-ASC 18/20, LTH 1234,
  LU TP 20-20, LTH 1234, LU TP 20-20, MAN/HEP/2020/003, PSI-PR-20-06, UWThPh 2020-14, ZU-TH 18/20",
    doi = "10.1016/j.physrep.2020.07.006",
    journal = "Phys. Rept.",
    volume = "887",
    pages = "1--166",
    year = "2020"
}

@article{Aoki:2019cca,
    author = "Aoki, S. and others",
    collaboration = "Flavour Lattice Averaging Group",
    title = "{FLAG Review 2019: Flavour Lattice Averaging Group (FLAG)}",
    eprint = "1902.08191",
    archivePrefix = "arXiv",
    primaryClass = "hep-lat",
    reportNumber = "FERMILAB-PUB-19-077-T",
    doi = "10.1140/epjc/s10052-019-7354-7",
    journal = "Eur. Phys. J. C",
    volume = "80",
    number = "2",
    pages = "113",
    year = "2020"
}

@article{Bennett:2006fi,
    author = "Bennett, G. W. and others",
    collaboration = "Muon g-2",
    title = "{Final Report of the Muon E821 Anomalous Magnetic Moment Measurement at BNL}",
    eprint = "hep-ex/0602035",
    archivePrefix = "arXiv",
    doi = "10.1103/PhysRevD.73.072003",
    journal = "Phys. Rev. D",
    volume = "73",
    pages = "072003",
    year = "2006"
}

@article{Bryman3,
    author = "Bryman, D. A. and Dubois, R. and MacDonald, J. A. and Numao, T. and Olaniyi, B. and Olin, A. and Poutissou, J.-M. and M. S. Dixit",
    journal =  "Phys. Rev. D", 
    volume = "33",
    pages = "1211-1221",
    year = "1986"
}

@article{Britton,
    author = "Britton, D. I. and others",
    journal = "Phys. Rev. Lett.",
    volume = "68",
    pages = "3000-3003",
    year = "1992"
}

@article{geant4,
    title = {Geant4—a simulation toolkit},
    journal = {Nuclear Instruments and Methods in Physics Research Section A: Accelerators, Spectrometers, Detectors and Associated Equipment},
    volume = {506},
    number = {3},
    pages = {250-303},
    year = {2003},
    issn = {0168-9002},
    doi = {https://doi.org/10.1016/S0168-9002(03)01368-8},
    url = {https://www.sciencedirect.com/science/article/pii/S0168900203013688},
    author = {S. Agostinelli and J. Allison and K. Amako and J. Apostolakis and H. Araujo and P. Arce and M. Asai and D. Axen and S. Banerjee and G. Barrand and F. Behner and L. Bellagamba and J. Boudreau and L. Broglia and A. Brunengo and H. Burkhardt and S. Chauvie and J. Chuma and R. Chytracek and G. Cooperman and G. Cosmo and P. Degtyarenko and A. Dell'Acqua and G. Depaola and D. Dietrich and R. Enami and A. Feliciello and C. Ferguson and H. Fesefeldt and G. Folger and F. Foppiano and A. Forti and S. Garelli and S. Giani and R. Giannitrapani and D. Gibin and J.J. {Gómez Cadenas} and I. González and G. {Gracia Abril} and G. Greeniaus and W. Greiner and V. Grichine and A. Grossheim and S. Guatelli and P. Gumplinger and R. Hamatsu and K. Hashimoto and H. Hasui and A. Heikkinen and A. Howard and V. Ivanchenko and A. Johnson and F.W. Jones and J. Kallenbach and N. Kanaya and M. Kawabata and Y. Kawabata and M. Kawaguti and S. Kelner and P. Kent and A. Kimura and T. Kodama and R. Kokoulin and M. Kossov and H. Kurashige and E. Lamanna and T. Lampén and V. Lara and V. Lefebure and F. Lei and M. Liendl and W. Lockman and F. Longo and S. Magni and M. Maire and E. Medernach and K. Minamimoto and P. {Mora de Freitas} and Y. Morita and K. Murakami and M. Nagamatu and R. Nartallo and P. Nieminen and T. Nishimura and K. Ohtsubo and M. Okamura and S. O'Neale and Y. Oohata and K. Paech and J. Perl and A. Pfeiffer and M.G. Pia and F. Ranjard and A. Rybin and S. Sadilov and E. {Di Salvo} and G. Santin and T. Sasaki and N. Savvas and Y. Sawada and S. Scherer and S. Sei and V. Sirotenko and D. Smith and N. Starkov and H. Stoecker and J. Sulkimo and M. Takahata and S. Tanaka and E. Tcherniaev and E. {Safai Tehrani} and M. Tropeano and P. Truscott and H. Uno and L. Urban and P. Urban and M. Verderi and A. Walkden and W. Wander and H. Weber and J.P. Wellisch and T. Wenaus and D.C. Williams and D. Wright and T. Yamada and H. Yoshida and D. Zschiesche},
    keywords = {Simulation, Particle interactions, Geometrical modelling, Software engineering, Object-oriented technology, Distributed software development},
    abstract = {Geant4 is a toolkit for simulating the passage of particles through matter. It includes a complete range of functionality including tracking, geometry, physics models and hits. The physics processes offered cover a comprehensive range, including electromagnetic, hadronic and optical processes, a large set of long-lived particles, materials and elements, over a wide energy range starting, in some cases, from 250eV and extending in others to the TeV energy range. It has been designed and constructed to expose the physics models utilised, to handle complex geometries, and to enable its easy adaptation for optimal use in different sets of applications. The toolkit is the result of a worldwide collaboration of physicists and software engineers. It has been created exploiting software engineering and object-oriented technology and implemented in the C++ programming language. It has been used in applications in particle physics, nuclear physics, accelerator design, space engineering and medical physics.}
}